@misc{Prof.Dr.Ing.ChristianSeidel.2023,
 author = {{Prof. Dr.-Ing. Christian Seidel}},
 year = {2023},
 title = {Additive Fertigung | Additive Manufacturing (AM): Was ist Additive Fertigung?},
 url = {https://www.igcv.fraunhofer.de/de/forschung/kompetenzen/additive_fertigung_am.html#:~:text=Additive%20Fertigung%20(engl.%3A%20additive,zu%20v%C3%B6llig%20neuen%20M%C3%B6glichkeiten%20verhilft.},
 urldate = {28.05.2023},
}

@misc{M.Mickan,
 author = {Maximilian Mickan},
 year = {2023},
 publisher = {Labor f√ºr Werkzeugmaschinen und Fertigungstechnik},
 title = {FDM-Druck mit PT+A 316L Metallfilament Untersuchung der Druckparameter am Raise 3D Pro 2},
}


@article{Quarto.2021,
 abstract = {Materials and Manufacturing Processes, 2021. doi:10.1080/10426914.2021.1905830},
 author = {Quarto; Mariangela and Carminati; Mattia and D'Urso; Gianluca},
 year = {2021},
 title = {Density and shrinkage evaluation of AISI 316L parts printed via FDM process},
 pages = {1535--1543},
 volume = {36},
 number = {13},
 issn = {1042-6914},
 journal = {Materials and Manufacturing Processes},
 doi = {10.1080/10426914.2021.1905830},
}


@article{Ramazani.2022,
 abstract = {Progress in Additive Manufacturing, https://doi.org/10.1007/s40964-021-00250-x},
 author = {Ramazani; Haidar and Kami; Abdolvahed},
 year = {2022},
 title = {Metal FDM, a new extrusion-based additive manufacturing technology for manufacturing of metallic parts: a review},
 journal = {Progress in Additive Manufacturing},
 doi = {10.1007/s40964-021-00250-x},
}


@book{MetalAdditiveMan,
 author = {Toyserkani; Ehsan and Sarker; Dyuti and Ibhadode; Osezua Obehi and Liravi; Farzad and Russo; Paola and Taherkhani; Katayoon},
 year = {2021},
 title = {Metal additive manufacturing},
 address = {Hoboken NJ},
 publisher = {Wiley},
 isbn = {9781119210788},
 institution = {{John Wiley {\&} Sons}}
}

@misc{Industrie4, 
url = {https://www.industrie-management.de/node/396}, 
journal = {Industrie 4.0 Management},
title = {Additive Fertigung metallischer und keramischer Bauteile},
urldate = {27.01.2023}
} 

@misc{Prusa, 
url = {https://help.prusa3d.com/de/guide/wie-man-einen-hotend-ptfe-schlauch-austauscht-mk3s-mk3s-mk2-5s-mmu2s_21664}, 
journal = {Prusa Knowledge Base - Auswechseln des Hotend PTFE-Schlauchs (MK3S+/MK3S/MK2.5S/MMU2S)},
urldate = {18.09.2023}
} 
@article{Osama2019,
author = {Osama Abdulhameed and Abdulrahman Al-Ahmari and Wadea Ameen and Syed Hammad Mian},
title ={Additive manufacturing: Challenges, trends, and applications},
journal = {Advances in Mechanical Engineering},
volume = {11},
number = {2},
pages = {1687814018822880},
year = {2019},
doi = {10.1177/1687814018822880},
URL = {https://doi.org/10.1177/1687814018822880},
eprint = {https://doi.org/10.1177/1687814018822880},
}

@misc{junghans, 
url = {https://formenbau.junghans-microtec.de/spritzgusswerkzeuge/}, 
journal = {JUNGHANS Microtec GmbH},
urldate = {24.12.2023}
} 


@misc{facfox, 
url = {http://www.insta3dp.com/info/direct-drive-vs-bowden-extruder-the-differenc-71993350.html}, 
journal = {FACFOX, INC Makeit-Technologie},
urldate = {24.12.2023}
} 

@misc{prusaLinearAdvance, 
url = {https://help.prusa3d.com/de/article/linear-advance_2252}, 
journal = {Prusa Knowledge Base - Linear Advance},
urldate = {26.12.2023}
} 

@online{AGSTSteel:1.4404,
    author    = {AGST Steel},
    title     = {Werkstoffdatenblatt 1.4404},
    urldate   = {26.12.2023},
    url       = {https://www.agst-steel.de/Werkstoff/Werkstoff_Datenblatt_1.4404.pdf},
}

@INPROCEEDINGS{Lee2008,
  author={Lee, Edward A.},
  booktitle={2008 11th IEEE International Symposium on Object and Component-Oriented Real-Time Distributed Computing (ISORC)}, 
  title={Cyber Physical Systems: Design Challenges}, 
  year={2008},
  volume={},
  number={},
  pages={363-369},
  keywords={Physics computing;Computer networks;Embedded computing;Computerized monitoring;Process control;Feedback loop;Investments;Safety;Software quality;Yarn;Cyber-physical systems;real time;embedded systems},
  doi={10.1109/ISORC.2008.25}
  }